<?xml version="1.0" encoding="UTF-8"?><collection xmlns="http://www.loc.gov/MARC21/slim"><record><leader>00562nam--2200205-i-4500</leader><controlfield tag="001">000001862</controlfield><controlfield tag="002">20161230</controlfield><controlfield tag="005">20161230201024</controlfield><controlfield tag="008">060222s1000------------r-----000-0-fre-d</controlfield><datafield ind1=" " ind2=" " tag="040"><subfield code="a">IFIN-HH</subfield></datafield><datafield ind1=" " ind2=" " tag="041"><subfield code="a">fre</subfield></datafield><datafield ind1=" " ind2=" " tag="080"><subfield code="a">519.2</subfield></datafield><datafield ind1="1" ind2=" " tag="100"><subfield code="a">Girault, M</subfield></datafield><datafield ind1="1" ind2="0" tag="245"><subfield code="a">Processus aleatoires</subfield><subfield code="c">Maurice Girault</subfield></datafield><datafield ind1=" " ind2=" " tag="260"><subfield code="a">Paris, Dunod, 1965</subfield></datafield><datafield ind1=" " ind2=" " tag="300"><subfield code="a">VIII + 150 P</subfield></datafield><datafield ind1=" " ind2=" " tag="490"><subfield code="a">Probabilities, Statistique, Recherche Operationelle</subfield><subfield code="v">Section A: Theorie des probabilites</subfield></datafield><datafield ind1=" " ind2=" " tag="650"><subfield code="a">Probabilities</subfield></datafield><datafield ind1=" " ind2=" " tag="852"><subfield code="a">22353</subfield><subfield code="c">519.2</subfield></datafield><datafield ind1=" " ind2=" " tag="CAT"><subfield code="a">Sys</subfield><subfield code="c">20100520</subfield><subfield code="h">144609</subfield></datafield></record></collection>